@Article{nonlinear_relationships,
 title={Nonlinear relationships},
 url={https://www3.nd.edu/~rwilliam/stats2/l61.pdf},
 note={(Last revised February 20, 2015)},
}